@Article{DemaineIL2007,
  author = 	 {Erik D. Demaine and John Iacono and Stefan Langerman},
  title = 	 {Retroactive Data Structures},
  journal = 	 {ACM Transactions on Algorithms},
  year = 	 2007,
  volume = 	 3,
  number = 	 2,
  pages = 	 13}

@InProceedings{SleatorT1981,
  author = 	 {Daniel D. Sleator and Robert E. Tarjan},
  title = 	 {A data structure for dynamic trees},
  booktitle = {Proc. of the 13th Annual ACM Symposium on Theory of Computing (STOC)},
  year = 	 1981,
  pages = 	 {114--122}}

@Article{DriscollSST1989,
  author = 	 {James R. Driscoll and Neil Sarnak and Daniel D. Sleator and Robert E. Tarjan},
  title = 	 {Making data structures persistent},
  journal = 	 {Journal of Computer and System Sciences},
  year = 	 1989,
  volume = 	 38,
  number = 	 1,
  pages = 	 {86--124}}

@Article{Tarjan1979,
  author = 	 {Robert E. Tarjan},
  title = 	 {A class of algorithms which require nonlinear time to maintain disjoint sets},
  journal = 	 {The Journal of Computer and System Sciences},
  year = 	 1979,
  volume = 	 18,
  pages = 	 {110--127}}

@InProceedings{HenzingerKNS2015,
  author = 	 {Monika Henzinger and Sebastian Krinninger and Danupon Nanongkai and Thatchaphol Saranurak},
  title = 	 {Unifying and strengthening hardness for dynamic problems via the online matrix-vector multiplication conjecture},
  booktitle = {Proc. of the 47th Annual ACM Symposium on Theory of Computing (STOC)},
  year = 	 2015,
  pages = 	 {21--30}}

@Article{RodittyZ2016,
  author = 	 {Liam Roditty and Uri Zwick},
  title = 	 {A fully dynamic reachability algorithm for directed graphs with an almost linear update time},
  journal = 	 {SIAM Journal on Compututing},
  year = 	 2016,
  volume = 	 45,
  number = 	 3,
  pages = 	 {712--733}}

@InProceedings{DemaineLP2008,
  author = 	 {Erik D. Demaine and Stefan Langerman and Erik Price}, 
  title = 	 {Confluently Persistent Tries for Efficient Version Control},
  booktitle = {Proc. of the Scandinavian Workshop on Algorithm Theory (SWAT)},
  year = 	 2008,
  volume = 	 5124,
  series = 	 {Lecture Notes in Computer Science},
  pages = 	 {160--172}}

@Article{deAndradeJrS2022,
  author = 	 {José W. de Andrade Júnior and Rodrigo Duarte Seabra},
  title = 	 {Fully retroactive minimum spanning tree problem},
  journal = 	 {The Computer Journal},
  year = 	 2022,
  volume = 	 65,
  number = 	 4,
  pages = 	 {973--982}}

@Article{HolmLT2001,
  author = 	 {Jacob Holm and Kristian de Lichtenberg and Mikkel Thorup},
  title = 	 {Poly-logarithmic deterministic fullydynamic algorithms for connectivity, minimum spanning tree, 2-edge, and biconnectivity},
  journal = 	 {Journal of the ACM},
  year = 	 2001,
  volume = 	 48,
  number = 	 4,
  pages = 	 {723--760}}

@InProceedings{HolmRWN2015,
  author = {Jacob Holm and Eva Rotenberg and Christian Wulff-Nilsen},
  title = {Faster fully-dynamic minimum spanning forest},
  booktitle = {Proc. of the European Symposium on Algorithms (ESA)},
  year = 	 2015,
  volume = 	 9294,
  series = 	 {Lecture Notes in Computer Science},
  pages = 	 {742--753}}

@InProceedings{DemaineKLSY2015,
  author = 	 {Erik D. Demaine and Tim Kaler and Quanquan C. Liu and Aaron Sidford and Adam Yedidia},
  title = 	 {Polylogarithmic Fully Retroactive Priority Queues via Hierarchical Checkpointing},
  booktitle = {Proc.\ of the Workshop on Algorithms and Data Structures (WADS)},
  year = 	 2015,
  volume = 	 9214,
  series = 	 {Lecture Notes in Computer Science},
  pages = 	 {263--275}}

@InProceedings{ChenDGWXY2018,
  author = 	 {Lijie Chen and Erik D. Demaine and Yuzhou Gu and Virginia Vassilevska Williams and Yinzhan Xu and Yuancheng Yu},
  title = 	 {Nearly Optimal Separation Between Partially And Fully Retroactive Data Structures},
  booktitle = {Proc. of the 16th Scandinavian Symposium and Workshops on Algorithm Theory (SWAT)},
  year = 	 2018,
  volume = 	 101,
  series = 	 {Leibniz International Proceedings in Informatics},
  pages = 	 {33:1--33:12}}

@InProceedings{HenzingerW2021,
  author = 	 {Monika Henzinger and Xiaowei Wu},
  title = 	 {Upper and Lower Bounds for Fully Retroactive Graph Problems},
  booktitle = {Proc. of the 17th International Symposium Algorithms and Data Structures (WADS)},
  year = 	 2021,
  volume = 	 12808,
  series = 	 {Lecture Notes in Computer Science},
  pages = 	 {471--484}}

@InProceedings{Frederickson1983,
  author = 	 {Greg N. Frederickson},
  title = 	 {Data structures for on-line updating of minimum spanning trees},
  booktitle = {Proc. of the 15th Annual ACM Symposium on Theory of Computing (STOC)},
  year = 	 1983,
  pages = 	 {252--257},
  doi = 	 {10.1145/800061.808754}}

